@article{coates,
  author   = {Ta‑Nehisi Coates},
  title    = {The Case for Reparations},
  journal  = {The Atlantic},
  year     = {2014},
  url      = {https://www.theatl/antic.com/magazine/archive/2014/06/the-case-for-reparations/361631/},
  keywords = {secondary}
}

@book{darity,
  title     = {From Here to Equality: Reparations for Black Americans in the Twenty-First Century},
  author    = {William A. Darity Jr.and A. Kirsten Mullen},
  publisher = {The University of North Carolina Press},
  year      = {2020},
  address   = {Chapel Hill},
  url       = {https://search.ebscohost.com/login.aspx?direct=true&scope=site&db=nlebk&db=nlabk&AN=2384838},
  keywords  = {secondary}
}

@book{baptist,
  title     = {The half has never been told: slavery and the making of American capitalism},
  author    = {Edward E. Baptist and Timm Bryson},
  publisher = {Basic Books},
  year      = {2014},
  address   = {New York},
  note      = {Università di Torino  - Sistema Bibliotecario d'Ateneo},
  keywords  = {secondary}
}

@book{beckert,
  title     = {Slavery’s Capitalism: A New History of American Economic Development},
  author    = {Sven Beckert},
  editor    = {Seth Rockman},
  publisher = {University of Pennsylvania Press},
  year      = {2016},
  series    = {Early American Studies},
  address   = {Philadelphia},
  note      = {Università di Torino  - Sistema Bibliotecario d'Ateneo},
  keywords  = {secondary}
}

@book{beckert2,
  title     = {Empire of cotton: a global history},
  author    = {Sven Beckert},
  publisher = {Vintage Books},
  year      = {2015},
  address   = {New York},
  note      = {Università di Torino  - Sistema Bibliotecario d'Ateneo},
  keywords  = {secondary}
}

@book{sharon,
  title     = {Banking on Slavery: Financing Southern Expansion in the Antebellum United States},
  author    = {Sharon Ann Murphy},
  publisher = {University of Chicago Press},
  year      = {2023},
  series    = {American Beginnings, 1500-1900},
  url       = {https://search.ebscohost.com/login.aspx?direct=true&scope=site&db=nlebk&db=nlabk&AN=3455819},
  keywords  = {secondary}
}
 
@book{blight,
  title     = {Race and Reunion: The Civil War in American Memory},
  author    = {David W. Blight},
  publisher = {Harvard University Press},
  year      = {2001},
  address   = {Cambridge, MA},
  note      = {Università di Torino  - Sistema Bibliotecario d'Ateneo},
  keywords  = {secondary}
}

@book{drescher,
  title     = {Econocide: British Slavery in the Era of Abolition},
  author    = {Seymour Drescher},
  publisher = {University of Pittsburgh Press},
  year      = {1977},
  address   = {Pittsburgh},
  note      = {Università di Torino  - Sistema Bibliotecario d'Ateneo},
  keywords  = {secondary}
}

@book{drescher2,
  title     = {Abolition : a history of slavery and antislavery},
  author    = {Seymour Drescher},
  publisher = {Cambridge University Press},
  year      = {2009},
  address   = {Cambridge},
  note      = {Università di Torino  - Sistema Bibliotecario d'Ateneo},
  keywords  = {secondary}
}

@book{eltis,
  title     = {The Rise of African Slavery in the Americas},
  author    = {David Eltis},
  publisher = {Cambridge University Press},
  year      = {2000},
  address   = {Cambridge},
  note      = {Università di Torino  - Sistema Bibliotecario d'Ateneo},
  keywords  = {secondary}
}

@article{fields,
  author   = {Barbara J. Fields},
  title    = {Slavery, Race and Ideology in the United States of America},
  journal  = {New Left Review},
  number   = {181},
  year     = {1990},
  pages    = {95-118},
  url      = {https://newleftreview.org/issues/i181/articles/barbara-jeanne-fields-slavery-race-and-ideology-in-the-united-states-of-america},
  keywords = {secondary}
}

@book{blackburn,
  author    = {Robin Blackburn},
  title     = {The Making of New World Slavery: From the Baroque to the Modern 1492-1800},
  publisher = {Verso},
  address   = {London},
  year      = {1997},
  note      = {Università di Torino  - Sistema Bibliotecario d'Ateneo},
  keywords  = {secondary}
}

@book{ericwilliams,
  author    = {Eric E. Williams},
  title     = {Capitalism and Slavery},
  publisher = {Deutsch},
  address   = {London},
  year      = {1964},
  note      = {Università di Torino  - Sistema Bibliotecario d'Ateneo},
  keywords  = {secondary}
}

@book{andrews,
  title     = {The colonial period of American history},
  author    = {Charles M. Andrews},
  publisher = {Yale University Press},
  address   = {New Haven},
  year      = {1934},
  volume    = {1-2, 4},
  note      = {Università di Torino  - Sistema Bibliotecario d'Ateneo},
  keywords  = {secondary}
}

@article{crouse,
  title     = {The French Struggle for the West Indies 1665–1713},
  author    = {Nellis M. Crouse},
  publisher = {Columbia University Press},
  journal   = {Hispanic American Historical Review},
  volume    = {24},
  number    = {3},
  year      = {1943},
  note      = {Università di Torino  - Sistema Bibliotecario d'Ateneo},
  keywords  = {secondary}
}

@book{smith,
  title     = {An Inquiry into the Nature and Causes of the Wealth of Nations},
  author    = {Adam Smith},
  editor    = {Edwin Cannan},
  publisher = {Modern Library},
  year      = {1937},
  edition   = {Cannan Edition},
  url       = {https://archive.org/details/dli.ernet.12279/mode/2up},
  keywords  = {primary}
}

@book{merivale,
  author    = {Herman Merivale},
  title     = {Lectures on Colonization and Colonies},
  publisher = {Oxford University Press},
  address   = {London},
  year      = {1928},
  note      = {Università di Torino  - Sistema Bibliotecario d'Ateneo},
  keywords  = {secondary}
}

@book{margaret,
  title     = {Social Problems and Policy During the Puritan Revolution 1640-1660},
  author    = {Margaret James},
  publisher = {George Routledge and Sons},
  address   = {London},
  year      = {1930},
  series    = {Studies in economic and social history},
  note      = {Università di Torino  - Sistema Bibliotecario d'Ateneo},
  keywords  = {secondary}
}

@book{cairnes,
  title     = {The Slave Power},
  author    = {John E. Cairnes},
  publisher = {Macmillan and Co.},
  address   = {London},
  year      = {1863},
  url       = {https://archive.org/details/in.ernet.dli.2015.264315/mode/2up},
  keywords  = {secondary}
}

@article{bagley,
  title     = {Soil Exhaustion and the Civil War},
  author    = {William C. Bagley},
  publusher = {American Council of Public Affairs},
  address   = {Washington D.C.},
  year      = {1942},
  keywords  = {secondary}
}

@book{fernando,
  title     = {Contrapunteo Cubano del Tabaco y el Azúcar},
  author    = {Fernando O. Fernández},
  publisher = {La Habana},
  year      = {1940},
  note      = {Translated vers. in Università di Torino  - Sistema Bibliotecario d'Ateneo},
  keywords  = {primary}
}

@book{cambridge,
  title     = {The Cambridge History of the British Empire},
  editor    = {John H. Rose and et al.},
  publisher = {Cambridge University Press},
  year      = {1929},
  volume    = {1, 2},
  note      = {Università di Torino  - Sistema Bibliotecario d'Ateneo},
  keywords  = {secondary}
}

@book{doyle,
  title     = {The English in America: Virginia, Maryland, and the Carolinas},
  author    = {John A. Doyle},
  publisher = {Henry Holt and Company},
  address   = {New York},
  year      = {1887},
  url       = {https://archive.org/details/englishinameric04doylgoog/mode/2up},
  keywords  = {secondary}
}

@book{harlow,
  title     = {A History of Barbados, 1625–1685},
  author    = {Vincent T. Harlow},
  publisher = {Calderon Press},
  address   = {Oxford},
  year      = {1926},
  note      = {Università di Torino  - Sistema Bibliotecario d'Ateneo},
  keywords  = {secondary}
}

@book{ramiro,
  title     = {Azúcar y Población en Las Antillas},
  author    = {Ramiro Guerra},
  publisher = {La Habana},
  year      = {1935},
  keywords  = {primary}
}

@book{rupert,
  title     = {Human Factors in Cotton Culture: A Study in the Social Geography of the American South},
  author    = {Rupert B. Vance},
  publisher = {Chapel Hill, The University of North Carolina press},
  year      = {1929},
  url       = {https://archive.org/details/humanfactorsinco00vancrich/mode/2up},
  keywords  = {secondary}
}

@book{calendarstatepaper,
  title     = {Calendar of State Papers},
  editor    = {Great Britain, Public Record Office},
  year      = {1660},
  publisher = {H.M. Stationery Office},
  series    = {Colonial Series},
  volume    = {1, 5, 7, 10},
  keywords  = {primary}
}

@book{whitworth,
  author    = {Charles Davenant},
  editor    = {Charles Whitworth},
  title     = {The Political and Commercial Works of Charles Davenant},
  address   = {London},
  publisher = {R. Horsfield},
  year      = {1781},
  volume    = {2, 5},
  note      = {Università di Torino  - Sistema Bibliotecario d'Ateneo},
  keywords  = {primary}
}

@book{zook,
  author    = {George F. Zook},
  title     = {The Company of Royal Adventurers trading into Africa},
  publisher = {Press of the New Era Printing Co.},
  address   = {Lancaster},
  year      = {1919},
  url       = {https://archive.org/details/companyofroyalad00zookrich/mode/2up},
  keywords  = {secondary}
}

@book{postlethwaytGB,
  author    = {Malachy Postlethwayt},
  title     = {Great Britain’s Commercial Interest Explained and Improved},
  year      = {1759},
  publisher = {W. Owen},
  address   = {London},
  volume    = {2},
  url       = {https://archive.org/details/bim_eighteenth-century_great-britains-commerci_postlethwayt-malachy_1759_2/mode/2up},
  keywords  = {primary}
}

@book{postlethwaytAT,
  author    = {Malachy Postlethwayt},
  title     = {The African Trade, the Great Pillar and Support of the British Plantation Trade in North America},
  year      = {1745},
  publisher = {W. Owen},
  address   = {London},
  url       = {https://archive.org/details/bim_eighteenth-century_the-african-trade-the-g_postlethwayt-malachy_1745/page/n13/mode/2up},
  keywords  = {secondary}
}

@book{postlethwaytNP,
  author    = {Malachy Postlethwayt},
  title     = {The National and Private Advantages of the African Trade Considered},
  year      = {1746},
  publisher = {W. Owen},
  address   = {London},
  url       = {https://archive.org/details/nationalprivatea00post/page/48/mode/2up},
  keywords  = {secondary}
}

@book{davenant,
  author    = {Charles Davenant},
  title     = {Reflections upon the Constitution and Management of the African Trade},
  year      = {1709},
  publisher = {R. Horsfield},
  address   = {London},
  url       = {http://find.galegroup.com/ecco/infomark.do?contentSet=ECCOArticles&docType=ECCOArticles&bookId=0646101800&type=getFullCitati/on&tabID=T001&prodId=ECCO&docLevel=TEXT_GRAPHICS&version=1.0&source=library},
  keywords  = {primary}
}

@book{donnan,
  editor    = {Elizabeth Donnan},
  title     = {Documents Illustrative of the History of the Slave Trade to America},
  publisher = {Carnegie Institution of Washington},
  year      = {1930},
  address   = {Washington, D.C.},
  volume    = {1-2},
  url       = {https://archive.org/details/documentsill/ustr00donn/page/254/mode/2up},
  keywords  = {primary}
}

@book{collins,
  author   = {Edward D. Collins},
  title    = {Studies in the Colonial Policy of England, 1672-1680},
  year     = {1900},
  address  = {Washington},
  note     = {Annual Report of the American Historical Association},
  url      = {https://www.loc.gov/resource/gdcscd.00516128501/?sp=17&st=pdf&r=-0.382%2C0.113%2C1.652%2C0.959%2C0},
  keywords = {secondary}
}

@book{bryan,
  author    = {Bryan Edwards},
  title     = {The History, Civil and Commercial, of the British Colonies in the West Indies},
  year      = {1801},
  publisher = {John Stockdale},
  address   = {London},
  volume    = {1},
  note      = {Università di Torino  - Sistema Bibliotecario d'Ateneo},
  keywords  = {secondary}
}

@book{enfield,
  author    = {William Enfield},
  title     = {An Essay towards the History of Liverpool},
  year      = {1774},
  publisher = {J. Johnson},
  address   = {London},
  url       = {https://archive.org/details/anessaytowardsh00perrgoog/page/n62/mode/2up},
  keywords  = {primary}
}

@book{owen,
  author    = {Nicholas Owen},
  title     = {Journal of a Slave Dealer. A View of some Remarkable Accidents in the Life of Nics. Owen on the Coast of Africa and America from the year 1746 to the year 1757},
  year      = {1930},
  editor    = {Eveline C. Martin and Trevor Arnett Library},
  publisher = {Houghton Mifflin},
  address   = {Boston},
  keywords  = {primary}
}

@article{andrewsCM,
  author   = {Charles M. Andrews},
  title    = {Anglo-French Commercial Rivalry, 1700-1750},
  year     = {1915},
  journal  = {The American Historical Review},
  volume   = {20},
  number   = {3},
  address  = {New York},
  note     = {Università di Torino  - Sistema Bibliotecario d'Ateneo},
  keywords = {primary}
}

@book{wylie,
  author    = {Wylie Sypher},
  title     = {Guinea’s Captive Kings, British Anti-Slavery Literature of the XVIIIth Century},
  year      = {1942},
  publisher = {Chapel Hill, The University of North Carolina press},
  keywords  = {secondary}
}

@book{latimer18,
  author    = {John Latimer},
  title     = {Annals of Bristol in the Eighteenth Century},
  year      = {1893},
  publisher = {William George's Sons},
  address   = {Bristol},
  url       = {https://archive.org/details/annalsbristolin02latigoog/mode/2up},
  keywords  = {secondary}
}

@book{latimer19,
  author    = {John Latimer},
  title     = {Annals of Bristol in the Nineteenth Century},
  year      = {1887},
  publisher = {William George's Sons},
  address   = {Bristol},
  url       = {https://archive.org/details/annalsofbristoli00lati/page/202/mode/2up},
  keywords  = {secondary}
}

@book{gomer,
  author    = {Gomer Williams},
  title     = {History of the Liverpool Privateers, with an Account of the Liverpool Slave Trade},
  year      = {1897},
  publisher = {W. Heinemann},
  location  = {London},
  url       = {https://archive.org/details/historyofliverpo00willr/ich/mode/2up},
  keywords  = {secondary}
}

@book{catterall1,
  author    = {Helen T. Catterall},
  title     = {Judicial Cases concerning Negro Slavery},
  year      = {1926},
  publisher = {Carnegie Institution of Washington},
  address   = {Washington, D.C.},
  volume    = {1},
  note      = {Università di Torino  - Sistema Bibliotecario d'Ateneo},
  keywords  = {primary}
}

@book{ramsay,
  author    = {James Ramsay},
  title     = {An Address on the Proposed Bill for the Abolition of the Slave Trade},
  year      = {1789},
  publisher = {J. Phillips},
  address   = {London},
  note      = {MS. vol, f. 64.},
  url       = {http://find.galegroup.com/sas/infomark.do?docType=ECCO&contentSet=ECCO&type=getFullCitation&tabID=T001&prodId=SAS&version=1.0&docLevel=TEXT_GRAPHICS&resultListType=RESULT_LIST&bookId=19010139102000&source=library&userGroupName=edmo87711},
  keywords  = {primary}
}

@book{wood,
  author    = {William Wood},
  title     = {A Survey of Trade},
  year      = {1718},
  publisher = {Richard Baldwin},
  address   = {London},
  url       = {http://find.galegroup.com/ecco/infomark.do?contentSet=ECCOArticles&docType=ECCOArticles&bookId=121370/1500&type=getFullCitation&tabID=T001&prodId=ECCO&docLevel=TEXT_GRAPHI/CS&version=1.0&source=library},
  keywords  = {primary}
}

@book{averil,
  author    = {Averil Mackenzie‑Grieve},
  title     = {The Last Years of the English Slave Trade},
  publisher = {Frank Cass and Co.},
  year      = {1941},
  address   = {London},
  note      = {Università di Torino  - Sistema Bibliotecario d'Ateneo},
  keywords  = {secondary}
}

@article{rees,
  author   = {Jonathan F. Rees},
  title    = {The Phases of British Commercial Policy in the Eighteenth Century},
  journal  = {Economica},
  year     = {1925},
  number   = {14},
  note     = {Università di Torino  - Sistema Bibliotecario d'Ateneo},
  keywords = {primary}
}

@book{gee,
  author    = {Joshua Gee},
  title     = {The Trade and Navigation of Great Britain Considered},
  year      = {1731},
  publisher = {Samuel Buckley},
  address   = {London},
  note      = {Università di Torino  - Sistema Bibliotecario d'Ateneo},
  keywords  = {secondary}
}

@book{bennet,
  author    = {John Bennet},
  title     = {Two Letters and Several Calculations on the Sugar Colonies and Trade},
  year      = {1738},
  publisher = {R. Montagu},
  address   = {London},
  url       = {http://galenet.galegroup.com/servlet/Sabin?af=RN&ae=CY101739322&srchtp=a&ste=14},
  keywords  = {primary}
}

@book{ellis,
  author    = {Ellen D. Ellis},
  title     = {An Introduction to the History of Sugar as a Commodity},
  publisher = {John C. Winston},
  year      = {1905},
  address   = {Philadelphia},
  url       = {https://archive.org/details/introductiontohi00ellirich/mode/2up},
  keywords  = {secondary}
}

@book{see,
  author    = {Henri Sée},
  title     = {Modern Capitalism, Its Origin and Evolution},
  publisher = {Adelphi Company},
  year      = {1928},
  address   = {New York},
  note      = {Università di Torino  - Sistema Bibliotecario d'Ateneo},
  keywords  = {secondary}
}

@book{harper,
  author    = {Harper A. Lawrence},
  title     = {The English Navigation Laws},
  year      = {1939},
  publisher = {Columbia University Press},
  address   = {New York},
  url       = {https://archive.org/details/englishnavigatio0000unse/page/n9/mode/2up},
  keywords  = {secondary}
}

@book{stock,
  author    = {British Parliament},
  editor    = {Leo F. Stock},
  title     = {Proceedings and Debates in the British Parliament respecting North America},
  year      = {1924},
  publisher = {Carnegie Institution of Washington},
  address   = {Washington, D.C.},
  volume    = {1-5},
  note      = {Università di Torino  - Sistema Bibliotecario d'Ateneo},
  keywords  = {secondary}
}

@misc{holtgregson,
  author   = {John Holt and Matthew Gregson},
  title    = {Holt and Gregson Papers},
  year     = {1770},
  note     = {Gregson to Brooke, vol. 10, p. 435},
  location = {Liverpool Record Office},
  keywords = {primary}
}

@book{macinnes,
  author    = {Charles M. MacInnes},
  title     = {Bristol, a Gateway of Empire},
  year      = {1939},
  publisher = {J. W. Arrowsmith Ltd.},
  address   = {Bristol},
  url       = {https://archive.org/details/a-gateway-of-empire-c.-m.-macinnes/mode/2up},
  keywords  = {secondary}
}

@book{broodbank,
  author    = {Joseph G. Broodbank},
  title     = {History of the Port of London},
  publisher = {D. O'Connor},
  year      = {1921},
  address   = {London},
  volume    = {1},
  url       = {https://archive.org/details/historyofportofl01broo/page/n7/mode/2up},
  keywords  = {secondary}
}

@book{nicholls,
  author    = {James F. Nicholls and John Taylor},
  title     = {Bristol Past and Present},
  publisher = {J.W. Arrowsmith},
  year      = {1881},
  address   = {Bristol},
  volume    = {3},
  url       = {https://catalog.hathitrust.org/api/volumes/oclc/2663342.html},
  keywords  = {secondary}
}

@book{mantoux,
  author    = {Paul Mantoux},
  title     = {The Industrial Revolution in the Eighteenth Century},
  year      = {1928},
  publisher = {Jonathan Cape},
  address   = {London},
  note      = {Università di Torino  - Sistema Bibliotecario d'Ateneo},
  keywords  = {secondary}
}

@book{clarkson,
  author    = {Thomas Clarkson},
  title     = {Essay on the Impolicy of the African Slave Trade},
  year      = {1788},
  publisher = {J. Phillips},
  address   = {London},
  url       = {http://books.google.com/books?id=jVYSAAAAIAAJ},
  keywords  = {primary}
}

@book{clarksonPr,
  author   = {Thomas Clarkson},
  title    = {Proceedings of the Committee for the Abolition of the Slave Trade},
  year     = {1780},
  keywords = {primary}
}

@book{court,
  author    = {William H. B. Court},
  title     = {The rise of the Midland industries, 1600-1838},
  year      = {1938},
  publisher = {Oxford University Press},
  address   = {London},
  url       = {https://archive.org/details/riseofmidlandind0000cour/page/n9/mode/2up},
  keywords  = {secondary}
}

@book{ashton,
  author    = {Thomas S. Ashton},
  title     = {Iron and Steel in the Industrial Revolution},
  year      = {1924},
  publisher = {Manchester University Press},
  address   = {Manchester},
  url       = {https://archive.org/details/ironsteelinindus00asht/page/n7/mode/2up},
  keywords  = {secondary}
}

@book{hamilton,
  author    = {Henry Hamilton},
  title     = {The English Brass and Copper Industries to 1800},
  year      = {1926},
  publisher = {Frank Cass},
  address   = {London},
  url       = {https://archive.org/details/englishbrasscopp0000hami/page/n5/mode/2up},
  keywords  = {secondary}
}

@book{ronald,
  author    = {Ronald Stewart-Brown},
  title     = {Liverpool Ships in the Eighteenth Century},
  publisher = {University Press of Liverpool},
  year      = {1932},
  address   = {Liverpool},
  url       = {https://archive.org/details/liverpoolshipsin0000stew/page/n7/mode/2up},
  keywords  = {secondary}
}

@book{scrivenor,
  author    = {Harry Scrivenor},
  title     = {A Comprehensive History of the Iron Trade},
  publisher = {Smith, Elder and Company},
  year      = {1841},
  address   = {London},
  url       = {https://catalog.hathitrust.org/api/volumes/oclc/5767566.html},
  keywords  = {secondary}
}

@article{pitman,
  author   = {Frank W. Pitman and American Historical Association Pacific Coast Branch},
  title    = {The West Indian Absentee Planter as a British Colonial Type},
  journal  = {Proceedings of the Pacific Coast Branch of the American Historical Association},
  year     = {1927},
  keywords = {secondary}
}

@book{pitmanDev,
  author    = {Frank W. Pitman},
  title     = {Development of the British West Indies 1700-1763},
  publisher = {Yale University Press},
  address   = {New Haven},
  year      = {1917},
  note      = {Università di Torino  - Sistema Bibliotecario d'Ateneo},
  keywords  = {secondary}
}

@article{ragatz,
  author   = {Lowell J. Ragatz},
  title    = {Absentee Landlordism in the British Caribbean, 1750-1833},
  year     = {1931},
  journal  = {Agricultural History},
  volume   = {5},
  number   = {1},
  note     = {Università di Torino  - Sistema Bibliotecario d'Ateneo},
  keywords = {secondary}
}

@book{ragatzFP,
  author    = {Lowell J. Ragatz},
  title     = {The Fall of the Planter Class in the British Caribbean, 1763–1833},
  year      = {1931},
  publisher = {University of the West Indies Press},
  journal   = {The American Historical Review},
  volume    = {35},
  number    = {1},
  note      = {Università di Torino  - Sistema Bibliotecario d'Ateneo},
  keywords  = {secondary}
}

@book{ragatzStat,
  author    = {Lowell J. Ragatz},
  title     = {Statistics for the Study of British Caribbean History, 1763–1833},
  year      = {1928},
  publisher = {Bryan Edwards Press},
  address   = {London},
  note      = {Università di Torino  - Sistema Bibliotecario d'Ateneo},
  keywords  = {secondary}
}

@book{corry,
  author    = {John Corry},
  title     = {The History of Lancashire},
  publisher = {J. Leigh},
  year      = {1825},
  volume    = {2},
  address   = {London},
  url       = {http://galenet.galegroup.com/servlet/MOME?af=RN&ae=U104587369&srchtp=a&ste=14&locID=edmo69826},
  keywords  = {secondary}
}

@book{corryevans,
  title     = {The History of Bristol, Civil and Ecclesiastical},
  author    = {John Corry and John Evans},
  year      = {1816},
  publisher = {W. Sheppard},
  address   = {Bristol},
  volume    = {2},
  url       = {https://archive.org/details/historyofbristol01corr},
  keywords  = {secondary}
}

@book{picton,
  author    = {James A. Picton},
  title     = {Memorials of Liverpool: Historical and Topographical},
  year      = {1873},
  volume    = {1},
  publisher = {Longmans, Green, Reader, and Dyer},
  address   = {London},
  url       = {https://catalog.hathitrust.org/api/volumes/oclc/22854033.html},
  keywords  = {secondary}
}

@book{touzeau,
  author    = {James Touzeau},
  title     = {The Rise and Progress of Liverpool from 1551 to 1835},
  year      = {1910},
  publisher = {Liverpool Bookseller's Co.},
  address   = {Liverpool},
  volume    = {2},
  url       = {https://catalog.hathitrust.org/api/volumes/oclc/35294692.html},
  keywords  = {secondary}
}

@book{eyretodd,
  author    = {George Eyre-Todd},
  title     = {History of Glasgow},
  publisher = {Jackson, Wylie and Co.},
  year      = {1934},
  address   = {Glasgow},
  volume    = {3},
  keywords  = {secondary}
}

@book{wadsworth,
  author    = {Alfred P. Wadsworth and Julia De Lacy Mann},
  title     = {The Cotton Trade and Industrial Lancashire, 1600-1780},
  publisher = {Manchester University Press},
  year      = {1931},
  address   = {Manchester},
  note      = {Università di Torino  - Sistema Bibliotecario d'Ateneo},
  keywords  = {secondary}
}

@book{newbristolguide,
  author    = {George Heath},
  title     = {The New Bristol Guide},
  year      = {1799},
  publisher = {R. Edwards},
  address   = {Bristol},
  url       = {https://archive.org/details/bim_eighteenth-century_the-new-bristol-guide-c_heath-george-rev_1799/mode/2up},
  keywords  = {primary}
}

@book{saugnier,
  author    = {Mess. Saugnier and Mess. Brisson},
  title     = {Voyages to the Coast of Africa},
  year      = {1792},
  publisher = {G. G. J. and J. Robinson},
  address   = {London},
  url       = {https://archive.org/details/voyagestocoastof02saug/page/186/mode/2up},
  keywords  = {primary}
}

@book{ginrum,
  author    = {Anonymous},
  title     = {Short Animadversions on the Difference now set up between Gin and Rum, and Our Mother Country and Colonies},
  year      = {1760},
  publisher = {C. Henderson},
  address   = {London},
  url       = {https://archive.org/details/cihm_40760/page/n11/mode/2up},
  keywords  = {primary}
}

@book{emory,
  author    = {Emory R. Johnson and et al.},
  title     = {History of Domestic and Foreign Commerce of the United States},
  year      = {1915},
  publisher = {Carnegie Institution of Washington},
  address   = {Washington, D.C.},
  volume    = {1},
  url       = {https://catalog.hathitrust.org/api/volumes/oclc/722167.html},
  keywords  = {secondary}
}

@misc{parlhist,
  title    = {The Parliamentary History of England},
  volume   = {13, 29, 34},
  keywords = {primary}
}

@book{namier,
  author    = {Lewis Namier},
  title     = {The Structure of Politics at the Accession of George III},
  year      = {1929},
  publisher = {Macmillan},
  volume    = {1},
  address   = {London},
  url       = {https://archive.org/details/structureofpolit0000lewi/page/n5/mode/2up},
  keywords  = {secondary}
}

@article{namierA,
  author   = {Lewis Namier},
  title    = {Anthony Bacon, M.P.: an Eighteenth‑Century Merchant},
  journal  = {Journal of Economic and Business History},
  year     = {1929},
  volume   = {2},
  number   = {1},
  keywords = {primary}
}

@book{penson,
  author   = {Lillian Penson},
  title    = {The Colonial Agents of the British West Indies},
  journal  = {The American Historical Review},
  volume   = {30},
  number   = {1},
  year     = {1924},
  note     = {Università di Torino  - Sistema Bibliotecario d'Ateneo},
  keywords = {secondary}
}

@book{thierry,
  author   = {Charles de Thierry},
  title    = {Colonies at Westminster, United Empire},
  keywords = {secondary}
}

@book{prinsep,
  title     = {The Right in the West India Merchants to a Double Monopoly of the Sugar-Market of Great Britain, and the Expedience of all Monopolies, examined},
  year      = {1792},
  author    = {John Prinsep},
  publisher = {Minerva Press},
  address   = {London},
  url       = {https://wellcomecoll/ection.org/works/t78ebddx},
  keywords  = {primary}
}

@book{hughes,
  author    = {John Hughes},
  title     = {Liverpool Banks and Bankers, 1760-1817},
  year      = {1906},
  publisher = {H. Young & sons},
  address   = {Liverpool},
  url       = {https://www.google.com/url?sa=i&url=https%3A%2F%2Fwww.forgottenbooks.com%2Fen%2Fdownload%2FLiverpoolBanksBankers17601837_10252300.pdf&psig=AOvVaw1lp/ZFBK9jCCae9ZOj/K4rh0&ust=1719859768270000&source=images&cd=vfe&opi=89978449&ved=0CAYQrpo/MahcKEwi43dGc_4OHAxUAAAAAHQAAAAAQBA},
  keywords  = {secondary}
}

@book{barclay,
  author    = {Charles W. Barclay},
  title     = {A History of the Barclay Family},
  year      = {1934},
  publisher = {The St. Catherine Press},
  address   = {London},
  volume    = {3},
  url       = {https://archive.org/details/historyofbarclay00barc_1/page/n7/mode/2up},
  keywords  = {secondary}
}

@book{lord,
  author    = {John Lord},
  title     = {Capital and Steam-Power 1750-1800},
  publisher = {P. S. King and Son, Ltd.},
  year      = {1923},
  address   = {London},
  note      = {Università di Torino  - Sistema Bibliotecario d'Ateneo},
  keywords  = {secondary}
}

@book{clapham,
  author    = {John H. Clapham},
  title     = {An Economic History of Modern Britain, The Early Railway Age, 1820-1850},
  year      = {1926},
  publisher = {Cambridge University Press},
  address   = {Cambridge},
  note      = {Università di Torino  - Sistema Bibliotecario d'Ateneo},
  keywords  = {secondary}
}

@book{claphamIn,
  author    = {John H. Clapham},
  title     = {The Industrial Revolution and the Colonies, 1783–1822},
  year      = {1926},
  publisher = {Cambridge University Press},
  address   = {Cambridge},
  series    = {The Cambridge history of the British Empire},
  note      = {Università di Torino  - Sistema Bibliotecario d'Ateneo},
  keywords  = {secondary}
}

@book{beaven,
  author    = {Alfred B. Beaven},
  title     = {The Aldermen of the City of London},
  year      = {1912},
  publisher = {Eden Fisher and Co., Ltd.},
  address   = {London},
  volume    = {2},
  url       = {https://archive.org/details/cu31924092684731/page/n5/mode/2up},
  keywords  = {secondary}
}

@book{martin,
  author    = {Frederick Martin},
  title     = {The History of Lloyd’s and of Marine Insurance in Great Britain},
  year      = {1876},
  publisher = {Macmillan and Co.},
  address   = {London},
  url       = {https://archive.org/details/historyoflloydso00martuoft/page/n5/mode/2up},
  keywords  = {secondary}
}

@book{wright,
  author    = {Charles Wright and Charles E. Fayle},
  title     = {A History of Lloyd’s, from the Founding of Lloyd’s Coffee House to the Present Day},
  year      = {1928},
  publisher = {Macmillan and Co.},
  address   = {London},
  note      = {Università di Torino  - Sistema Bibliotecario d'Ateneo},
  keywords  = {secondary}
}

@book{callender,
  author    = {Guy S. Callender},
  title     = {Selections from the Economic History of the United States, 1765–1860},
  publisher = {Ginn and Co.},
  year      = {1909},
  address   = {Boston},
  note      = {Università di Torino  - Sistema Bibliotecario d'Ateneo},
  keywords  = {secondary}
}

@book{dodd,
  author    = {Arthur H. Dodd},
  title     = {The Industrial Revolution in North Wales},
  year      = {19633},
  publisher = {University of Wales Press},
  address   = {Cardiff},
  keywords  = {secondary}
}

@book{fay,
  author    = {Charles R. Fay},
  title     = {Imperial Economy and its Place in the Formation of Economic Doctrine, 1600-1932},
  year      = {1934},
  publisher = {Clarendon Press},
  address   = {Oxford},
  note      = {Università di Torino  - Sistema Bibliotecario d'Ateneo},
  keywords  = {secondary}
}

@misc{huskisson,
  title    = {Huskisson Papers},
  keywords = {primary}
}

@book{francis,
  author    = {John Francis},
  title     = {A History of the English Railway; its Social Relations and Revelations, 1820–1845},
  year      = {1851},
  publisher = {Longmans, Brown and Green},
  address   = {London},
  volume    = {1},
  url       = {https://catalog.hathitrust.org/api/volumes/oclc/4902651.html},
  keywords  = {secondary}
}

@misc{hansard,
  title    = {Hansard},
  volume   = {5, 8-9},
  keywords = {primary}
}

@misc{hansardNS,
  title    = {Hansard},
  series   = {New Series},
  volume   = {1, 8-9, 11, 14-15, 22, 25},
  keywords = {primary}
}

@misc{hansardTS,
  title    = {Hansard},
  series   = {Third Series},
  volume   = {3, 7, 11, 16-19, 33, 48, 56-58, 62-63, 70-71, 75-77, 81, 88, 96, 98-100, 106, 109, 111, 115, 124},
  keywords = {primary}
}

@book{frederick,
  author    = {Frederick S. Williams},
  title     = {Our Iron Roads: Their History, Construction, and Social Influences},
  publisher = {Ingram, Cooke and Co>},
  year      = {1852},
  address   = {London},
  url       = {https://catalog.hathitrust.org/api/volumes/oclc/2329242.html},
  keywords  = {secondary}
}

@book{whitworthST,
  author    = {Charles Whitworth},
  title     = {State of the Trade of Great Britain in its Imports and Exports, Progressively from the Year 1697-1773},
  year      = {1776},
  publisher = {G. Robinson},
  address   = {London},
  url       = {https://archive.org/details/bim_eighte/enth-century_state-of-the-trade-of-gr_whitworth-charles-sir_1776},
  keywords  = {secondary}
}

@book{sommerfield,
  author    = {Vernon Sommerfield},
  title     = {English Railways, Their Beginnings, Development and Personalities},
  publisher = {T. Nelson & sons, Ltd.},
  year      = {1937},
  address   = {London},
  keywords  = {secondary}
}

@book{jackman,
  author    = {William T. Jackman},
  title     = {The Development of Transportation in Modern England},
  year      = {1916},
  publisher = {Cambridge University Press},
  address   = {Cambridge},
  volume    = {2},
  note      = {Università di Torino  - Sistema Bibliotecario d'Ateneo},
  keywords  = {secondary}
}

@book{wheeler,
  author    = {James Wheeler},
  title     = {Manchester: Its Political, Social and Commercial History, Ancient and Modern},
  year      = {1836},
  publisher = {Whittaker and Co.},
  address   = {London},
  url       = {https://babel.hathitrust.org/cgi/pt?id=nyp.33433075886055&seq=7},
  keywords  = {secondary}
}

@article{whitson,
  author    = {Agnes M. Whitson},
  title     = {The Outlook of the Continental American Colonies on the British West Indies, 1760-1775},
  journal   = {Political Science Quarterly},
  publisher = {Oxford University Press},
  address   = {London},
  year      = {1930},
  note      = {Università di Torino  - Sistema Bibliotecario d'Ateneo},
  keywords  = {secondary}
}

@book{pares,
  author    = {Richard Pares},
  title     = {War and Trade in the West Indies, 1739-1763},
  year      = {1936},
  publisher = {Oxford University Press},
  address   = {London},
  note      = {Università di Torino  - Sistema Bibliotecario d'Ateneo},
  keywords  = {secondary}
}

@book{taussig,
  author    = {Charles A. Taussig},
  title     = {Rum, Romance and Rebellion},
  year      = {1928},
  publisher = {Jarrolds},
  address   = {London},
  keywords  = {secondary}
}

@misc{chathampapers,
  author   = {Public Record Office},
  title    = {Chatham Papers},
  year     = {1780},
  keywords = {primary}
}

@book{hilliard,
  author    = {Michel-René H. d'Auberteuil},
  title     = {Considérations sur l'état présent de la colonie française de Saint-Domingue},
  year      = {1776},
  publisher = {Chez Grangé},
  address   = {Paris},
  url       = {https://archive.org/details/considrationss00hill/page/n9/mode/2up},
  keywords  = {primary}
}

@book{winthrop,
  author    = {Robert C. Winthrop},
  title     = {Life and Letters of John Winthrop},
  year      = {1864},
  publisher = {Ticknor and Fields},
  address   = {Boston},
  volume    = {2},
  url       = {https://archive.org/details/cu31924025962956/page/n19/mode/2up},
  keywords  = {secondary}
}

@book{bidwell,
  author    = {Percy W. Bidwell and John I. Falconer},
  title     = {History of Agriculture in the Northern United States, 1620–1820},
  year      = {1925},
  publisher = {Carnegie Institution of Washington},
  address   = {Washington, D.C.},
  note      = {Università di Torino  - Sistema Bibliotecario d'Ateneo},
  keywords  = {secondary}
}

@book{redford,
  author    = {Arthur Redford},
  title     = {The Economic History of England, 1760-1860},
  publisher = {Longmans, Green and Co.},
  year      = {1939},
  address   = {London},
  note      = {Università di Torino  - Sistema Bibliotecario d'Ateneo},
  keywords  = {secondary}
}

@book{buck,
  author    = {Norman S. Buck},
  title     = {The Development of the Organization of Anglo-American Trade, 1800-1850},
  year      = {1925},
  publisher = {Yale University Press},
  address   = {New Haven},
  url       = {https://archive.org/details/developmentoforg0000buck/mode/2up},
  keywords  = {secondary}
}

@book{jenks,
  author    = {Leland H. Jenks},
  title     = {The Migration of British Capital to 1875},
  year      = {1927},
  publisher = {Alfred A. Knopf},
  address   = {London},
  note      = {Università di Torino  - Sistema Bibliotecario d'Ateneo},
  keywords  = {secondary}
}

@book{cambridgeFP,
  title     = {The Cambridge History of British Foreign Policy},
  editor    = {John H. Rose and et al.},
  publisher = {Cambridge University Press},
  year      = {1922},
  volume    = {2},
  note      = {Università di Torino  - Sistema Bibliotecario d'Ateneo},
  keywords  = {secondary}
}

@book{cambridgeMH,
  title     = {The Cambridge Modern History},
  editor    = {Adolphus W. Ward and et al.},
  publisher = {Cambridge University Press},
  year      = {1907},
  address   = {Cambridge},
  volume    = {10},
  note      = {Università di Torino  - Sistema Bibliotecario d'Ateneo},
  keywords  = {secondary}
}

@book{burn,
  author    = {Williams L. Burn},
  title     = {Emancipation and Apprenticeship in the British West Indies},
  year      = {1937},
  publisher = {Jonathan Cape},
  address   = {London},
  note      = {Università di Torino  - Sistema Bibliotecario d'Ateneo},
  keywords  = {secondary}
}

@book{prentice,
  author    = {Archibald Prentice},
  title     = {History of the Anti-Corn Law League},
  publisher = {W. and F. G. Cash},
  year      = {1853},
  address   = {London},
  volume    = {1},
  note      = {Università di Torino  - Sistema Bibliotecario d'Ateneo},
  keywords  = {secondary}
}

@misc{liverpoolpapers,
  title    = {Liverpool Papers},
  year     = {1823},
  keywords = {primary}
}

@book{macaulay,
  author    = {Zachary Macaulay},
  title     = {East and West India Sugar; or a Refutation of the Claims of the West India Colonists to a Protecting Duty on East India Sugar},
  year      = {1823},
  publisher = {J. Hatchard and Son},
  address   = {London},
  url       = {https://catalog.hathitrust.org/api/volumes/oclc/6264639.html},
  keywords  = {secondary}
}

@book{eastindiadebates,
  author    = {East India Company. General Court et al.},
  title     = {Debates at the General Court of Proprietors of East India Stock on the 19th and 21st March on the East India Sugar Trade},
  year      = {1823},
  publisher = {Black, Parry, and Co.},
  address   = {London},
  url       = {http://galenet.galegroup.com/servlet/MOME?af=RN&ae=U105009029&srchtp=a&ste=14&locID=edmo69826},
  keywords  = {primary}
}

@book{seely,
  author    = {John B. Seely},
  title     = {A Few Hints to the West Indians on their Present Claims to Exclusive Favour and Protection at the Expense of the East India Interests},
  year      = {1823},
  publisher = {Kingsbury, Parbury, and Allen},
  address   = {London},
  url       = {http://galenet.galegroup.com/servlet/MOME?af=RN&ae=U104508817&srchtp=a&ste=14&locID=edmo69826},
  keywords  = {primary}
}

@book{guedalla,
  author    = {Philip Guedalla},
  title     = {Gladstone and Palmerston},
  publisher = {Hodder and Stoughton},
  year      = {1927},
  address   = {London},
  url       = {https://archive.org/details/gladstonepalmers0000phil/page/n7/mode/2up},
  keywords  = {secondary}
}

@book{fletcher,
  author    = {Thomas Fletcher},
  title     = {Letters in Vindication of the Rights of the British West India Colonies},
  year      = {1822},
  publisher = {West India Association, F.B. Wright},
  address   = {Liverpool},
  url       = {http://www.jstor.org/stable/60208599},
  keywords  = {primary}
}

@book{memorandum,
  author   = {Anonymous},
  title    = {Memorandum on the Relative Ɪmportance of the West and East Ɪndies to Great Britain},
  year     = {1823},
  address  = {London},
  keywords = {primary}
}

@misc{reportjamaica,
  title    = {Report from a Committee of the Honourable House of Assembly},
  address  = {Jamaica},
  year     = {1813},
  keywords = {primary}
}

@misc{reportCS,
  title    = {Report on the Commercial State of the West India Colonies},
  year     = {1807},
  series   = {House of Commons papers: 1807},
  volume   = {65},
  keywords = {primary}
}

@misc{reportPR,
  title    = {Report of the Proceedings of the Committee of Sugar Refiners},
  year     = {1792},
  url      = {https://archive.org/details/bim_eighteenth-century_a-report-of-the-proceedi_committee-of-sugar-refin_1792/page/n19/mode/2up},
  keywords = {primary}
}

@misc{reportLiv,
  title    = {Report of a Committee of the Liverpool East India Association, appointed to take into consideration the restrictions of the East India Trade},
  address  = {Liverpool},
  url      = {http://find.galegroup.com/sas/infomark.do?docType=ECCO&contentSet=ECCO&type=getFullCitation&tabID=T001&prodId=SAS&version=1.0&docLevel=TEXT_GRAPHICS&resultListTy/pe=RESULT_LIST&bookId=ASPC0001848400&source=library},
  date     = {1822},
  keywords = {primary}
}

@misc{reportDC,
  title    = {Report of a Debate in Council on a dispatch from Lord Bathurst to Mr. Hamden},
  keywords = {primary}
}

@misc{reportWar,
  title    = {Report of a Debate in Council on a dispatch from Lord Bathurst to Sir H. Warde},
  date     = {1823},
  url      = {https://archive.org/details/oates71081803/page/n17/mode/2up},
  keywords = {primary}
}

@book{cobden,
  author    = {Richard Cobden},
  title     = {The Political Writings of Richard Cobden},
  year      = {1867},
  publisher = {T. Fisher Unwin},
  address   = {London},
  note      = {Università di Torino  - Sistema Bibliotecario d'Ateneo},
  keywords  = {primary}
}

@book{cobdenS,
  author    = {Richard Cobden},
  editor    = {John Bright and et al.},
  title     = {Speeches on Questions of Public Policy by Richard Cobden},
  year      = {1870},
  publisher = {T. Fisher Unwin},
  address   = {London},
  note      = {Università di Torino  - Sistema Bibliotecario d'Ateneo},
  keywords  = {primary}
}

@book{bellmorrell,
  author    = {Cecil H. Bell and William P. Morrell},
  title     = {Select Documents on British Colonial Policy, 1830-1860},
  year      = {1928},
  publisher = {Clarendon Press},
  address   = {Oxford},
  url       = {https://archive.org/details/selectdocumentso0000kenn/page/244/mode/2up},
  keywords  = {secondary}
}

@book{morrell,
  author    = {William P. Morrell},
  title     = {British Colonial Policy in the Age of Peel and Russell},
  publisher = {Frank Cass and Co., Ltd.},
  year      = {1930},
  address   = {London},
  url       = {http://hdl.handle.net/2027/heb.03897},
  keywords  = {secondary}
}

@book{jamaicaHoA,
  author    = {House of Assembly at Jamaica},
  title     = {Addresses and Memorials to His Majesty from the House of Assembly at Jamaica, voted in the years 1821 to 1826, inclusive, and which have been presented to His Majesty by the Island Agent},
  year      = {1828},
  publisher = {Shackell and Baylis},
  address   = {Jamaica},
  url       = {https://archive.org/details/addressesmemoria00jama/page/n1/mode/2up},
  keywords  = {primary}
}

@book{woodward,
  author    = {Ernest L. Woodward},
  title     = {The Age of Reform, 1815-1870},
  year      = {1938},
  publisher = {Clarendon Press},
  address   = {Oxford},
  url       = {https://archive.org/details/dli.ernet.524474},
  keywords  = {secondary}
}

@book{morley,
  author    = {John Morley},
  title     = {The Life of William Ewart Gladstone},
  publisher = {Macmillan and Co.},
  year      = {1903},
  address   = {London},
  volume    = {1},
  note      = {Università di Torino  - Sistema Bibliotecario d'Ateneo},
  keywords  = {secondary}
}

@book{aucklandjournal,
  author    = {William Eden and Lord Auckland},
  title     = {The Journal and Correspondence of William, Lord Auckland},
  publisher = {Richard Bentley},
  year      = {1861},
  address   = {London},
  url       = {https://catalog.hathitrust.org/api/volumes/oclc/21360837.html},
  keywords  = {primary}
}

@misc{aucklandpapers,
  title    = {Auckland Papers},
  address  = {British Museum},
  keywords = {primary}
}

@book{fortescue,
  author   = {Great Britain. Royal Commission on Historical Manuscripts},
  title    = {The Manuscripts of J. B. Fortescue Esq. preserved at Dropmore},
  year     = {1915},
  address  = {London},
  volume   = {1, 3},
  url      = {https://archive.org/search?query=The+manuscripts+of+J.B.+Fortescue},
  keywords = {secondary}
}

@book{gastonmartin,
  author   = {Gaston Martin and Paul Roussier},
  title    = {La Doctrine Coloniale de la France en 1789},
  series   = {Cahiers de la Révolution française},
  volume   = {3},
  year     = {1935},
  address  = {Bordeaux},
  keywords = {secondary}
}

@article{theodore,
  author    = {Theodore P. Martin},
  title     = {Some International Aspects of the Anti-Slavery Movement, 1818-1823},
  year      = {1928},
  publisher = {Harvard University Press},
  address   = {Cambridge, MA},
  journal   = {Journal of Economic and Business History},
  keywords  = {secondary}
}

@book{klingberg,
  author    = {Frank J. Klingberg},
  title     = {The Anti-Slavery Movement in England},
  year      = {1926},
  publisher = {Archon Books},
  address   = {Hamden},
  keywords  = {secondary}
}

@book{pezuela,
  author    = {Jacobo de la Pezuela},
  title     = {Diccionario Geográfico, Estadístico, Histórico de la Isla de Cuba},
  year      = {1862},
  publisher = {Imprenta de la Viuda de Barcina},
  location  = {Madrid},
  volume    = {1},
  url       = {https://dloc.com/UF00085440/00002/images/0},
  keywords  = {secondary}
}

@book{henry,
  author    = {Richard Henry},
  title     = {Memoirs of Joseph Sturge},
  publisher = {Smith, Elder and Co.},
  year      = {1864},
  address   = {London},
  url       = {https://catalog.hathitrust.org/api/volumes/oclc/2029375.html},
  keywords  = {secondary}
}

@book{bready,
  author    = {John W. Bready},
  title     = {England Before and After Wesley—The Evangelical Revival and Social Reform},
  year      = {1939},
  publisher = {Hodder and Stoughton},
  address   = {London},
  url       = {https://archive.org/details/unset0000unse_k8q8},
  keywords  = {secondary}
}

@book{langford,
  author    = {John A. Langford},
  title     = {A Century of Birmingham Life: or a Chronicle of Local Events},
  year      = {1868},
  publisher = {E. C. Osborne},
  address   = {Birmingham},
  volume    = {1},
  url       = {https://catalog.hathitrust.org/api/volumes/oclc/17907891.html},
  keywords  = {secondary}
}

@article{norman,
  author    = {Norman B. Lewis},
  editor    = {Henry Guppy},
  title     = {The Abolitionist Movement in Sheffield, 1823-1833},
  journal   = {Bulletin of the John Rylands Library},
  publisher = {John Rylands Library},
  volume    = {18},
  number    = {2},
  year      = {1934},
  address   = {Manchester},
  url       = {https://www.jstor.org/stable/community.28211227},
  keywords  = {secondary}
}

@book{newton,
  author    = {John Newton},
  title     = {Thoughts upon the African Slave Trade},
  year      = {1788},
  publisher = {J. Buckland},
  address   = {London},
  note      = {Università di Torino  - Sistema Bibliotecario d'Ateneo},
  keywords  = {primary}
}

@book{baines,
  author    = {Edward Baines},
  title     = {History of the Cotton Manufacture in Great Britain},
  year      = {1835},
  publisher = {H. Fisher, R. Fisher and P. Jackson},
  address   = {London},
  note      = {Università di Torino  - Sistema Bibliotecario d'Ateneo},
  keywords  = {secondary}
}

@misc{customs5,
  author   = {Public Record Office},
  title    = {Customs 5},
  address  = {London},
  volume   = {5-7, 11},
  keywords = {primary}
}

@book{wellington,
  author    = {Arthur Wellesley, Duke of Wellington},
  title     = {Despatches, Correspondence and Memoranda of Field Marshal Arthur, Duke of Wellington},
  year      = {1823},
  publisher = {John Murray},
  address   = {London},
  volume    = {1},
  url       = {https://books.google.it/books/about/Despatches_Correspondence_and_Memoranda.html?id=OAg-AAAAcAAJ&redir_esc=y},
  keywords  = {primary}
}

@book{stapleton,
  author    = {George Canning},
  editor    = {Edward J. Stapleton},
  title     = {Some Official Correspondence of George Canning},
  publisher = {Longmans, Green and Co.},
  year      = {1887},
  address   = {London},
  url       = {https://catalog.hathitrust.org/api/volumes/oclc/502381.html},
  keywords  = {primary}
}

@book{wilberforce,
  author    = {William Wilberforce},
  title     = {The Correspondence of William Wilberforce},
  editor    = {Robert Ɪ. Wilberforce and Samuel Wilberforce},
  publisher = {John Murray},
  year      = {1840},
  volume    = {2},
  url       = {https://catalog.hathitrust.org/api/volumes/oclc/4366852.html},
  address   = {London},
  keywords  = {primary}
}

@book{turnbull,
  author    = {David Turnbull},
  title     = {The Jamaica Movement, for promoting the enforcement of the Slave-Trade \\ Treaties, and the Suppression of the Slave Trade},
  year      = {1850},
  publisher = {Charles Gilpin},
  address   = {London},
  url       = {https://babel.hathit/rust.org/cgi/pt?id=hvd.32044080378342&seq=7},
  keywords  = {primary}
}

@book{stephen,
  author    = {George Stephen},
  title     = {Anti-Slavery Recollections},
  year      = {1854},
  publisher = {Thomas Hatchard},
  address   = {London},
  url       = {https://archive.org/details/f1be99c7-8df1-43ef-a4c7-d9fc73e5ed54},
  keywords  = {primary}
}

@book{cochin,
  author    = {Augustin Cochin},
  title     = {L'Abolition de L'Esclavage},
  year      = {1861},
  publisher = {Jacques Lecoffre},
  address   = {Paris},
  note      = {Università di Torino  - Sistema Bibliotecario d'Ateneo},
  keywords  = {secondary}
}

@misc{naish,
  author    = {William Naish},
  title     = {Reasons for Using East Ɪndia Sugar},
  year      = {1828},
  address   = {London},
  publisher = {Harvey & Darton},
  url       = {http://www.slavery.amdig/ital.co.uk/Contents/DocumentDetails.aspx?documentid=634700},
  keywords  = {primary}
}

@book{freecottonmovement,
  title    = {The Ladies' Free Grown Cotton Movement},
  author   = {Anonymous},
  address  = {John Rylands Library},
  url      = {http://find.galeg/roup.com/sas/infomark.do?docType=ECCO&contentSet=ECCO&type=getFullCitation&tabID=T001&prodId=SAS&version=1.0&docLevel=TEXT_GRAPHICS&resultListType=RESULT_LIST&bookId=SASB2581201700&source=library},
  keywords = {secondary}
}

@book{carlyle,
  author   = {Thomas Carlyle},
  title    = {Occasional discourse on the Negro question},
  year     = {1849},
  journal  = {Fraser's Magazine},
  volume   = {40},
  address  = {London},
  note     = {Università di Torino  - Sistema Bibliotecario d'Ateneo},
  keywords = {secondary}
}

@misc{co,
  author   = {Colonial Office},
  keywords = {primary}
}